% Nekdy musime dlouhe URL odkazy zalamovat rucne, jak je ukazano nize.
% Vzdy ale uvedeme, kdy byla stranka naposledy aktualizovana, resp. pokud neni
% uvedeno, datum, kdy jsme udaje z ni nacerpali.
@Book{UMLBOOK,
  author    = "{J. Arlow a I. Neustadt}",
  title     = "UML2 a unifikovaný proces vývoje aplikací",
  publisher = "Computer Press",
  address   = "nám 28. dubna 48, 635 00 Brno",
  edition   = "2nd",
  year      =  2007,
}
@Misc{FELID,
  key    = "",
  author = "",
  title  = "{FEL}id --- O systému {FEL}id (online)",
  note   = "\\ \verb|http://wiki.feld.cvut.cz/net/felid/about|, stav z 26.\,3.\,2012",
}

@Misc{AMAZON,
  key    = "",
  author = "{Amazon.com, Inc.}",
  title  = "{A}mazon.com: Online Shopping for Electronics, Apparel, Computers, Books, DVDs and more (online)",
  note   = "\\ \verb|http://www.amazon.com|, stav z 26.\,3.\,2012",
}

@Misc{GOOGLEBOOKS,
  key    = "",
  author = "{Google, Inc.}",
  title  = "{G}oogle Books (online)",
  note   = "\\ \verb|http://books.google.com|, stav z 26.\,3.\,2012",
}

@Misc{GOOGLEPLAY,
  key    = "",
  author = "{Google, Inc.}",
  title  = "{G}oogle Play (online)",
  note   = "\\ \verb|https://play.google.com/about/|, stav z 26.\,3.\,2012",
}
